@online{Microsoft,
	author      = {Microsoft},
	title       = {Dynamic Host Configuration Protocol (DHCP)},
    year        = 2021,
    author      = {Jason Gerend},
	howpublished= {[online]},
	url         = {https://learn.microsoft.com/en-us/windows-server/networking/technologies/dhcp/dhcp-top},
}

@manual{Syslog,
	title      = "18.2.5 Syslog Example",
	url        = {https://www.gnu.org/software/libc/manual/html_node/Syslog-Example.html},
}

@online{ncurses,
	author      = {Opensource.com},
	title       = {Position text on your screen in Linux with ncurses},
    year        = 2021,
    author      = {Jim Hall},
	howpublished= {[online]},
	url         = {https://opensource.com/article/21/8/ncurses-linux},
}

@online{string,
	author      = {GeeksForGeeks},
	title       = {C Library - <string.h>},
	howpublished= {[online]},
	url         = {https://www.geeksforgeeks.org/c-library-string-h/},
}

